% bibliography file for my work for NATHAN.
%
% Journals names (abbreviated)
%

@string{acpd = "Atmos. Chem. Phys. Discuss."}
@string{acp = "Atmos. Chem. Phys."}
@string{ae = "Atmos. Env."}
@string{amm = "App.  Math. Mod."}
@string{bams = "Bull. Am. Met. Soc."}
@string{eos = "Eos, Trans."}
@string{grl = "Geophys. Res. Lett."}
@string{gji = "Geophys. J. Int."}
@string{jam = "J. Applied Met."}
@string{jaot = "J. Atmos. Oceanic Technol."}
@string{jas = "J. Atmos. Sci."}
@string{jasa = "J. Acoust. Soc. Am."}
@string{jcam = "J. Clim. App. Met."}
@string{jclim = "J. Clim."}
@string{jd = "J. Geod."}
@string{jfm = "J. Fluid Mech."}
@string{jgr = "J. Geophys. Res."}
@string{jg = "J. Geodyn."}
@string{jgeod = "J. Geodesy."}
@string{jmsj = "J. Met. Soc. Japan"}
@string{jpamg = "J. Phys. A. Math. Gen."}
@string{jpo = "J. Phys. Ocean."}
@string{mg = "Math. Geol."}
@string{mwr = "Mon. Wea. Rev."}
@string{mtsj = "Mar. Tech. Soc. J."}
@string{nat = "Nature"}
@string{om = "Ocean Mod."}
@string{philtran = "Phil. Trans. Roy. Soc. London"}
@string{pf = "Phys. Fluids"}
@string{pfa = "Phys. Fluids A"}
@string{prl = "Phys. Rev. Lett."}
@string{pre = "Phys. Rev. E"}
@string{prsl = "Proc. Roy. Soc. London"}
@string{quart = "Quart. J. Roy. Meteorol. Soc."}
@string{rsta = "Phil. Trans R. Soc."}
@string{rg = "Rev. Geophys."}
@string{sg = "Sur. Geophys."}

@ARTICLE{abarcadelrio1999,
        author = {R. {Abarca del Rio}},
        journal = {"Ann. Geophys."},
        pages = {806-811},
        title = {The influence of global warming in {E}arth rotation speed},
        volume = {17},
        year = {1999}
}

@ARTICLE{abarcadelrio2003,
        author = {R. {Abarca del Rio} and D. Gambis and D. Salstein and P. Nelson and A. Dai},
        journal = jd,
        pages = {423-443},
        title = {Solar activity and earth rotation variability},
        volume = {36},
        year = {2003}
}

@ARTICLE{andersoncollins2006,
        author = {Jeffrey L. Anderson and Nancy Collins},
        journal = jaot,
        pages = {1452-1463},
        title = {Scalable Implementations of Ensemble Filter Algorithms for Data Assimilation},
        volume = {24},
        year = {2006}
}


@ARTICLE{anderson2012,
        author = {Jeffrey L. Anderson},
        journal = mwr,
        title = {Localization and Sampling Error Correction in Ensemble {K}alman Filter Data Assimilation},
        note = {in press.},
        year = {2012}
}

@ARTICLE{andersonrosen1983,
        author = {John R. Anderson and Richard D. Rosen},
        journal = jas,
        pages = {1584-1591},
        title = {The Latitude-Height Structure of the 40-50 Day Variation in Atmospheric Angular Momentum},
        volume = {40},
        year = {1983}
}

@ARTICLE{annanetal2005,
        author = {J.D. Annan and J.C. Hargreaves and N.R. Edwards and R. Marsh},
        journal = om,
        pages = {135-154},
        title = {Parameter estimation in an intermediate complexity earth system model using an ensemble {K}alman filter},
        volume = {8},
        year = {2004}
}

@ARTICLE{aoyamanaito2000,
        author = {Yuichi Aoyama and Isao Naito},
        journal = jgr,
        pages = {12417-12431},
        title = {Wind contributions to the Earth's angular momentum budgets in seasonal variation},
        volume = {105},
        year = {2000}
}

@ARTICLE{barnesetal1983,
        author = {R.T.H. Barnes and R. Hide and F.R.S. and A.A. White and C.A. Wilson},
        journal = prsl,
        pages = {31-73},
        title = {Atmospheric angular momentum fluctuations, length-of-day changes and polar motion},
        volume = {387},
        year = {1983}
}

@ARTICLE{bizouardseoane2010,
        author = {Christian Bizouard and L. Seoane},
        journal = jgeod,
        pages = {19-30},
        title = {Atmospheric and oceanic forcing of the rapid polar motion},
        volume = {19},
        year = {2010}
}

@ARTICLE{boer1990,
        author = {G.J. Boer},
        journal = jgr,
        pages = {5511-5531},
        title = {Earth-atmosphere exchange of angular momentum simulated in a general circulation model and implications for the length of day},
        volume = {95},
        year = {1990}
}

@TECHREPORT{ccmval,
        editor = {Veronika Eyring and Ted G. Shepherd and Darryn W. Waugh},
        title = {{SPARC} Report on the Evaluation of Chemistry-Climate Models },
        author = {{SPARC CCMVal}},
        institution = {{SPARC CCMVal}},
        type = {SPARC Report},
        number = {5, WCRP-132, WMO/TD-No. 1526},
        address = {http://www.atmosp.physics.utoronto.ca/SPARC},
        year = {2010}
}


@ARTICLE{celayaetal1999,
        author = {Michael A. Celaya and John M. Wahr and Frank O. Bryan},
        journal = jgr,
        pages = {12813-12829},
        title = {Climate-driven polar motion},
        volume = {104},
        year = {1999}
}

@ARTICLE{chao1988,
        author = {Fong Chao},
        journal = jgr,
        pages = {13811-13819},
        title = {Excitation of the {E}arth's Polar Motion due to Mass Variations in Major Hydrological Reservoirs},
        volume = {93},
        year = {1988}
}

@ARTICLE{chao1989,
        author = {Fong Chao},
        journal = "Science",
        pages = {923-925},
        title = {Length-of-Day Variations Caused by {El} {Ni{\~n}o}--{S}outhern {O}scillation and Quasi-Biennial Oscillation},
        volume = {243},
        year = {1989}
}

@ARTICLE{chao_au1991,
        author = {B.Fong Chao and Andrew Y. Au},
        journal = jgr,
        pages = {6577-6582},
        title = {Atmospheric Excitation of the {E}arth's Annual Wobble: 1980-1988},
        volume = {B4},
        year = {1991}
}

@ARTICLE{chaoetal1996,
        author = {B.F. Chao and R.D. Ray and J.M. Gipson and G.D. Egpert and C. Ma},
        journal = jgr,
        pages = {20151-20163},
        title = {Diurnal/semidiurnal polar motion excited by oceanic tidal angular momentum},
        volume = {101},
        year = {1996}
}

@ARTICLE{chaozhou1999,
        author = {B.F. Chao and Yong-Hong Zhou},
        journal = jg,
        pages = {61-73},
        title = {Meteorological excitation of interannual polar motion by the {N}orth {A}tlantic {O}scillation},
        volume = {27},
        year = {1999}
}

@ARTICLE{chaoetal2000,
        author = {B.F. Chao and V. Dehant and R.S. Gross and R.D. Ray and D.A. Salstein and M.M. Watkins and C.R. Wilson},
        journal = eos,
        pages = {247,249-250},
        title = {Space geodesy monitors mass transports in global geophysical fluids},
        volume = {81},
        year = {2000}
}


@ARTICLE{chen2005,
        author = {Jianli Chen},
        journal = jgr,
        pages = {B08404},
        title = {Global mass balance and the length-of-day variation},
        volume = {110},
        year = {2005}
}

@ARTICLE{chenetal2004,
        author = {Dake Chen and Mark A. Cane and Alexey Kaplan and Stephen E. Zebiak and Daji Huang },
        journal = nat,
        month = {April},
        pages = {733-735},
        title = {Predictability of {El} {Ni{\~n}o} over the last 148 Years},
        volume = {428},
        year = {2004}
}

@ARTICLE{chenshen2010,
        author = {Wei Chen and WenBin Shen},
        journal = jgr,
        pages = {B12419},
        title = {New estimates of the inertia tensor and rotation of the triaxial nonrigid Earth},
        volume = {115},
        year = {2010}
}

@ARTICLE{cohenjohnes2011,
        author = {Judah Cohen and Justin Jones},
        journal = jclim,
        note = {in press.},
        title = {Tropospheric precursors and stratospheric warmings},
        year = {2011}
}

@ARTICLE{cortietal1999,
        author = {S. Corti and F. Molteni and T.N. Palmer},
        journal = nat,
        pages = {799-398},
        title = {Signature of recent climate change in frequencies of natural atmospheric circulation regimes},
        volume = {398},
        year = {1999}
}

@article{deeetal2011,
	author = {Dee, D. P. and Uppala, S. M. and Simmons, A. J. and Berrisford, P. and Poli, P. and Kobayashi, S. and Andrae, U. and Balmaseda, M. a. and Balsamo, G. and Bauer, P. and Bechtold, P. and Beljaars, a. C. M. and van de Berg, L. and Bidlot, J. and Bormann, N. and Delsol, C. and Dragani, R. and Fuentes, M. and Geer, a. J. and Haimberger, L. and Healy, S. B. and Hersbach, H. and H\'{o}lm, E. V. and Isaksen, L. and K\aa llberg, P. and K\"{o}hler, M. and Matricardi, M. and McNally, a. P. and Monge-Sanz, B. M. and Morcrette, J.-J. and Park, B.-K. and Peubey, C. and de Rosnay, P. and Tavolato, C. and Th\'{e}paut, J.-N. and Vitart, F.},
	doi = {10.1002/qj.828},
	journal = qjrms,
	month = apr,
	number = {656},
	pages = {553--597},
	title = {{The ERA-Interim reanalysis: configuration and performance of the data assimilation system}},
	volume = {137},
	year = {2011}
}

@ARTICLE{deseretal2011,
        author = {Clara Deser and Adam S. Phillips and Robert A. Tomas and Yuko M. Okumura},
        journal = jclim,
        note = {in press.},
        title = {{ENSO} and Pacific Decadal Variability in Community Climate System Model Version 4},
        year = {2011}
}

@ARTICLE{devironetal1999,
        author = {Olivier {de Viron} and Christian Bizouard and David Salstein and Jean Dickey},
        journal = jgr,
        pages = {4861-4875},
        title = {Atmospheric torque on the {E}arth and comparison with atmospheric angular momentum variations},
        volume = {104},
        year = {1999}
}

@ARTICLE{devironetal2001,
        author = {Olivier {de Viron} and Steven L. Marcus and Jean O. Dickey},
        journal = grl,
        pages = {1985-1988},
        title = {Atmospheric torques during the winter of 1989: {I}mpact of {ENSO} and {NAO} positive phases},
        volume = {28},
        year = {2001}
}

@ARTICLE{devironetal2002a,
        author = {Olivier {de Viron} and Jean O. Dickey and Steven L. Marcus},
        journal = grl,
        pages = {1140},
        title = {Annual atmospheric torques: processes and regional contributions},
        volume = {29},
        doi = {10.1029/2001GL013859},
        year = {2002}
}

@ARTICLE{devironetal2002b,
        author = {Olivier {de Viron} and V{\'e}ronique Dehant and Hugues Goosse and Michel Crucifix},
        journal = grl,
        pages = {1146},
        title = {Effect of global warming on the length-of-day},
        volume = {29},
        doi = {10.1029/2001GL013672},
        year = {2002}
}

@ARTICLE{devironetal2002c,
        author = {Olivier {de Viron} and Jean O. Dickey and Steven L. Marcus},
        journal = grl,
        pages = {1849},
        title = {Effect of changes in total atmospheric mass on length-of-day modeling},
        volume = {29},
        doi = {10.1029/2002GL015572},
        year = {2002}
}

@ARTICLE{devirondehant2004,
        author = {Olivier {de Viron} and Veronique Dehant},
        title = {Earth's rotation and high frequency equatorial angular mometum budget of the atmosphere},
        journal = sg,
        pages = {441-462},
        volume = {20},
        year = {2004}
}

@ARTICLE{devironetal2004,
        author = {Olivier {de Viron} and David Salstein and Christian Bizouard and Laura Fernandez},
        title = {Low-frequency excitation of length of day and polar motion by the atmosphere},
        journal = jgr,
        pages = {B03408},
        volume = {109},
        year = {2004}
}

@ARTICLE{dickeyetal1991,
        author = {Jean O. Dickey and M. Ghil and Steven L. Marcus},
        journal = jgr,
        pages = {22643-22658},
        title = {Extratropical Aspects of the 40-50 Day Oscillation in Length-of-Day and Atmospheric Angular Momentum},
        volume = {96},
        year = {1991}
}

@ARTICLE{dickeyetal2003,
        author = {Jean O. Dickey and Steven L. Marcus and Olivier {de Viron}},
        journal = grl,
        pages = {1573},
        title = {Coherent interannual and decadal variations in the atmosphere-ocean system},
        volume = {30},
        doi = {10.1029/2002GL016763},
        year = {2003}
}

@ARTICLE{dickeyetal2007,
        author = {Jean O. Dickey and Steven L. Marcus and Toshi M. Chin},
        journal = grl,
        pages = {L17803},
        title = {Thermal wind forcing and atmospheric angular momentum: Origin of the {Earth}'s delayed response to {ENSO}},
        volume = {34},
        year = {2007}
}
@TECHREPORT{dill2009,
        author = {Robert Dill},
        title = {Hydrological model {LSDM} for operational {E}arth rotation and gravity field variations},
        institution = {Deutsches GeoForschungsZentrum},
        type = {Sci. Tech. Rep.},
        number = {08/09},
        address = {Potsdam, Germany},
        year = {2009}
}

@ARTICLE{dickeyetal2010,
        author = {Jean O. Dickey and Steven L. Marcus and Olivier de Viron},
        journal = grl,
        pages = {L03307},
        title = {Closure in the Earth's angular momentum budget observed from subseasonal periods down to four days: {N}o core effects needed},
        volume = {37},
        year = {2010}
}


@ARTICLE{dobslawetal2007,
        author = {H. Dobslaw and M. Thomas},
        journal = jgr,
        title = {Simulation and observation of global mass anomalies},
	volume = {112},
	doi = {10.1029/2006JC004035},
        pages = {C05040},
        year = {2007}
}

@ARTICLE{dobslawetal2010,
        author = {H. Dobslaw and R. Dill and A. Gr{\"o}tsch and A. Brzezinski and M. Thomas},
        journal = jgr,
        title = {Seasonal polar motion excitation from numerical models of atmosphere, ocean, and continental hydrosphere},
	volume = {115},
	doi = {10.1029/2009JB007127,2010},
        pages = {10406},
        year = {2010}
}

@ARTICLE{eggerhoinka2006,
        author = {Joseph Egger and Klaus-Peter Hoinka },
        journal = "promet",
        pages = {48-53},
        title = {Austausch von atmosph\"arischem Drehimpuls an Gebirgen},
        volume = {32},
        month = {March},
        year = {2006}
}

@ARTICLE{egger2011,
        author = {Joseph Egger},
        journal = jas,
	note = {in press.},
        title = {Mountain forces and the atmospheric energy budget},
        year = {2011}
}

@ARTICLE{Egger2007,
        author = {Joseph Egger and Klaus Weickmann and Klaus-Peter Hoinka },
        journal = rg,
        month = {December},
        pages = {RG4007},
        title = {Angular momentum in the global atmospheric circulation},
        volume = {45},
        year = {2007}
}

@article{Eubanks1988,
	author = {Eubanks, T.M. and Steppe, J.A. and Dickey, J.O. and Rosen, R.D. and Salstein, D.A.},
	journal = {Nature},
	title = {Causes of rapid motions of the {E}arth's pole},
	number = {14 July 1988},
	pages = {115--119},
	volume = {334},
	year = {1988}
}

@ARTICLE{eubanksetal1985,
	AUTHOR = {T.M. Eubanks and J.A. Steppe and J.O. Dickey and P.S. Callahan},
	TITLE = {A Spectral Analysis of the {E}arth's Angular Momentum Budget},
	JOURNAL = jgr,
	PAGES = {5385-5404},
	VOLUME = {90},
	YEAR = 1985,
		}

@ARTICLE{eyringetal2010ozone,
	AUTHOR = "V. Eyring and I. Cionni and J.F. Lamarque and H. Akiyoshi and G.E. Bodeker and A.J. Charlton Perez and S.M. Frith and A. Gettelman and D.E. Kinnison and T. Nakamura and L.D. Oman and S. Pawson and Y. Yamashita",
	TITLE = "Sensitivity of 21st century stratospheric ozone to greenhouse gas scenarios",
	JOURNAL = grl,
	PAGES = {L16807},
	VOLUME = {37},
	YEAR = 2020,
        DOI = {10.1029/2010GL044443},
		}

@ARTICLE{gentetal2011,
        author = {Peter R. Gent and Gokhan Danabasoglu and Leo J. Donner and Mark. M. Holland and Elizabeth C. Hunke and Steve R. Jayne and David M. Lawrence and Richard B. Neale and Philip J. Rasch and Mariana Vertenstein and Patrick H. Worley and Zong-Liang Yang and Minghua Zhang},
        journal = jclim,
        note = {in press.},
        title = {The Community Climate System Model Version 4},
        year = {2011}
}

@ARTICLE{gieseetal2010,
        author = {Benjamin S. Giese and Gilbert P. Compo and Niall C. Slowey and Prashant D. Sardeshmukh and James A. Carton and Sulagna Ray and Jeffrey S. Whitaker},
        journal = bams,
        pages = {177-183},
        title = {The 1918/19 {El} {Ni{\~n}o} },
        month = {February},
        year = {2010}
}

@ARTICLE{giorgettaetal2006,
        author = {M.A. Giorgetta and E. Manzini and E. Roeckner and M. Esch and L. Bengtsson},
        journal = jclim,
        pages = {3882-3901},
        title = {Climatology and forcing of the quasi-biennial oscillation in the {MAECHAM5} model},
        volume = {19},
        year = {2006}
}

@ARTICLE{glattetal2011,
        author = {Ilona Glatt and Andreas D{\"o}rnbrack and Sarah Jones and Julia Keller and O. Martius and Aurelia M{\"u}ller and Dieter H.W. Peters and Volkmar Wirth},
        journal = {Tellus},
        note = {"in press."},
        title = {Utility of Hovm{\"o}ller Diagrams to diagnose Rossby wave trains},
        year = {2011}
}

@ARTICLE{gottwaldetal2011,
        author = {Georg A. Gottwald and Lewis Mitchell and Sebastian Reich},
        journal = mwr	,
        title = {Controlling overestimation of error covariance in ensemble {K}alman filters with sparse observations: {A} variance limiting {K}alman filter},
        note = "accepted.",
        year = {2011}
}

@ARTICLE{greinermaijochmann1998,
        author = {H. Greiner-Mai and H. Jochmann},
        journal = jd,
        pages = {1-4},
        title = {Correction to `{C}limate Variations and the Earth's Rotation'},
        volume = {25},
        year = {1998}
}

@ARTICLE{Gross1992,
        author = {Richard S. Gross},
        journal = gji,
        pages = {162-170},
        title = {Correspondence between theory and observations of polar motion},
        volume = {109},
        year = {1992}
}

@ARTICLE{grossetal1996b,
        author = {Richard S. Gross and Steven L. Marcus and T. Marshall Eubanks and Jean O. Dickey and Christian L. Kepenne},
        journal = grl,
        pages = {3373-3376},
        title = {Detection of an {ENSO} signal in seasonal length-of-day variations},
        volume = {23},
        number = {23},
        year = {1996}
}

@ARTICLE{grossetal1996a,
        author = {Richard S. Gross and Kamal H. Hamdan and Dale H. Boggs},
        journal = grl,
        pages = {1809-1812},
        title = {Evidence for excitation of polar motion by fortnightly ocean tides},
        volume = {23},
        number = {14},
        year = {1996}
}

@article{Gross2000,
	author = {Gross, Richard S.},
	title = {The excitation of the {C}handler wobble},
	journal = {Geophysical Research Letters},
	volume = {27},
	number = {15},
	issn = {1944-8007},
	url = {http://dx.doi.org/10.1029/2000GL011450},
	doi = {10.1029/2000GL011450},
	pages = {2329--2332},
	year = {2000},
}


@ARTICLE{grossetal2003,
        author = {Richard S. Gross and Ichiro Fukumori and Dimitris Menemenlis},
        journal = jgr,
        pages = {2370},
        title = {Atmospheric and oceanic excitation of the {E}arth's wobbles during 1980-2000},
        volume = {108},
	number = {B8},
        year = {2003}
}

@ARTICLE{grossetal2005,
        author = {Richard S. Gross and Ichiro Fukumori and Dimitris Menemenlis},
        journal = jgr,
        pages = {B09405},
        title = {Atmospheric and oceanic exciation of decadal-scale Earth orientation variations},
        volume = {110},
        doi = {10.1029/2004JB003565},
        year = {2005}
}

@INCOLLECTION{gross2009,
        author = {Richard S. Gross},
        editor= {Tom Herring},
        title = {Earth Rotation Variations - Long Period},
        booktitle = {Geodesy, Treatise on Geophysics},
        pages = {239-294},
        publisher = {Elsevier},
        year = {2009}
}

@ARTICLE{hideetal1980,
        author = {R. Hide and N.T. Birch and L.V. Morrison and D.J. Shea and A.A. White },
        journal = "Nature",
        pages = {114-117},
        title = {Atmospheric angular momentum fluctuations and changes in the length of day},
        volume = {286},
        year = {1980}
}

@ARTICLE{hideetal1997,
        author = {R. Hide and J.O. Dickey and S.L. Marcus and R.D. Rosen and D.A. Salstein},
        journal = jgr,
        month = {July},
        pages = {16423-16438},
        title = {Atmospheric angular momentum fluctuations during 1979-1988 simulated by global circulation models},
        volume = {102},
        year = {1997}
}

@ARTICLE{hines1997,
        author = { C.O. Hines },
        journal =  "J. Atmos. Solar Terr. Phys.",
        pages = { 387-400 },
        title = { Doppler-spread parametrization of gravity wave momentum deposition in the middle atmosphere.  {P}art 2: Broad and quasi monochromatic spectra, and implementation. },
        volume = { 59 },
        year = { 1997}
}

@ARTICLE{huangetal2001,
        author = { Huei-Ping Huang and Klaus M. Weickmann and C. Juno Hsu },
        journal = jclim, 
        pages = { 1525-1534 },
        title = {Trend in Atmospheric Angular Momentum in a Transient Climate Change Simulation with Greenhouse Gas amd Aerosol Forcing} ,
        volume = { 14  },
        year = { 2001 }
}

@ARTICLE{hufeng2010,
        author = { Qi Hu and Song Feng },
        journal = jgr, 
        pages = { D01102 },
        title = {Influence of the {A}rctic oscillation on central {U}nited {S}tates summer rainfall} ,
        volume = { 115 },
        year = { 2010 }
}

@MANUAL{iers,
        AUTHOR = "IERS",
        TITLE = "IERS Earth Orientation Data",
        ORGANIZATION = "IERS: Int. Earth Rot. and Ref. Service",
        ADDRESS = "Bundesamt f{\"u}r Kartographie und Geod{\"a}sie (BKG), Frankfurt am Main, Germany",
        NOTE = "Available online at http://www.iers.org",
        YEAR = 2009,
                }


@ARTICLE{jochmanngreinermai1996,
        author = {H. Jochmann and H. Greiner-Mai },
        journal =jg,
        pages = {161-176},
        title = {Climate variations and the {E}arth's rotation},
        volume = {21},
        year = {1996}
}

@ARTICLE{joeckeletal2005,
        author = {P. J{\"o}ckel and R. Sander and A. Kerkweg and H. Trost and J. Lelieveld},
        journal =acp,
        pages = {433-444},
        title = {Technical Note: The {M}odular {E}arth {S}ubmodel {S}ystem ({MESS}y) - a new approach towards {E}arth system modeling},
        volume = {5},
        year = {2005}
}

@ARTICLE{joeckeletal2006,
        author = {P. J{\"o}ckel and H. Trost and C. Br{\"u}hl and J. Buchholz and L. Ganzeveld and P. Hoor and A. Kerkweg and M.G. Lawrence and R. Sander and B. Stell and G. Stiller and M. Tanarhte and D. Taraborelli and J. van Aardenne and J. Lelieveld},
        journal =acp,
        pages = {5067-5104},
        title = {The atmospheric chemistry general circulation model {ECHAM/MESSy1}: Consistent simulation of ozone from the surface to the mesosphere},
        volume = {6},
        year = {2006}
}

@ARTICLE{kestinetal1998,
        author = {Tahl S. Kestin and David J. Karoly and Jun-Ichi Yano},
        journal =jclim,
        pages = {2258-2272},
        title = {Time-Frequency variability of {ENSO} and stochastic simulations},
        volume = {11},
        year = {1998}
}

@ARTICLE{kugetal2010,
        author = {Jong-Seong Kug and K.-P. Sooraj and Tim Li and Fei-Fei Jin},
        journal =jgr,
        pages = {D05106},
        title = {Precursors of the {El} {Ni{\~n}o}/{La} {Ni{\~n}a} onset and their interrelationship},
        volume = {115},
        doi = {10.1029/2009JD012861},
        year = {2010}
}

@BOOK{Lambeck1980,
	author = {Kurt Lambeck},
	title = {The Earth's Variable Rotation: Geophysical Causes and Consequences},
	publisher = {Cambridge University Press},
	address  = {The Edinburgh Building, Cambridge, UK},
	year = {1980}
}

@ARTICLE{lehmannnevir2012,
        author = {Elfrun Lehmann and Peter Nevir},
        journal = jgr,
        pages = {D09101},
        title = {Uncertainties in relative angular momentum computed from zonal winds in reanalysis data},
        volume = {117},
        year = {2012}
}

@ARTICLE{leietal2010,
        author = {Jing Lei and Peter Bickel and Chris Snyder},
        journal = mwr,
        pages = {1293-1305},
        title = {Comparison of Ensemble {K}alman Filters under Non-{G}aussianity},
        volume = {138},
        year = {2010}
}

@ARTICLE{lejenasetal1997,
        author = {Harald Lejen{\"a}s and Roland R. Madden and James J. Hack},
        journal = jgr,
        pages = {1931-1941},
        title = {Global atmospheric angular momentum and {E}arth-atmosphere exchange of angular momentum simulated in a general circulation model},
        volume = {102},
        year = {1997}
}

@ARTICLE{lemoueletal2010,
        author = {Jean-Louis {Le Mou{\"e}l} and Elena Blanter and Mikhail Shnirman and Vincent Courtillot},
        journal = grl,
        pages = {L15307},
        title = {Solar forcing of the semi-annual variation of length-of-day},
        volume = {37},
        year = {2010}
}

@ARTICLE{levinejin2010,
        author = {Aaron F. Levine and Fei-Fei Jin},
        journal = jas,
        month = {February},
        pages = {529-542},
        title = {Noise-Induced Instability in the {ENSO} Recharge Oscillator},
        volume = {67},
        year = {2010}
}

@ARTICLE{lottetal2005,
        author = {F. Lott and L. Goudard and A. Martin},
        journal = jgr,
        pages = {D22107},
        title = {Links between the mountain torque and the {A}rctic {O}scillation in the {L}aboratoire de M{\'e}t{\'e}orologie {D}ynamique ({LMDz}), general circulation model},
        volume = {110},
        doi = {10.1029/2005JD006073},
        year = {2005}
}

@ARTICLE{lottetal2001,
        author = {Fran\c{c}ois Lott and Andrew W. Robertson and Michael Ghil},
        journal = grl,
        pages = {1207-1210},
        title = {Mountain Torques and Atmospheric Oscillations},
        volume = {28},
        year = {2001}
}

@ARTICLE{lorenz2006,
        author = {Edward D. Lorenz},
        journal = jas,
        pages = {2056-2073},
        title = {Regimes in Simple Systems},
        volume = {63},
        year = {2006}
}

@ARTICLE{maddenjulian1994,
	author = {Roland A. Madden and Paul R. Julian},
	journal = mwr,
	pages = {814-837},
	title = {Observations of the 40-50 Day Tropical Oscillation --- A Review},
	volume = {122},
	year = {1994}
}

@ARTICLE{manzinimcfarlane1998,
	author = {E. Manzini and N. A. McFarlane},
	journal = jgr,
	pages = {31523-31539},
	title = {The effect of varying the source spectrum of a gravity wave parametrization in a middle atmosphere general circulation model},
	volume = {103},
	year = {1998}
}

@ARTICLE{marcusetal2001,
	author = {Steven L. Marcus and Jean O. Dickey and Olivier de Viron },
	journal = grl,
	pages = {3465},
	title = {Links between intraseasonal (extended {MJO}) and {ENSO} timescales: {I}nsights via geodetic and atmospheric analysis},
	volume = {28},
	number = {18},
	year = {2001}
}

@ARTICLE{marcusetal2011,
	author = {Steven L. Marcus and Olivier de Viron and Jean O. Dickey},
	journal = jgr,
	pages = {D03107},
	title = {Abrupt atmospheric torque changes and their role in the 1976-1977 climate regime shift},
	volume = {116},
	doi = {10.1029/2010JD015032},
	year = {2011}
}

@ARTICLE{marcusetal2012,
	author = {Steven L. Marcus and Jean O. Dickey and I. Fukumori and Olivier de Viron},
	journal = grl,
	pages = {L04605},
	title = {Detection of the Earth rotation response to a rapid fluctuation of Southern Ocean circulation in November 2009},
	volume = {39},
	doi = {10.1029/2011GL050671},
	year = {2012}
}

@ARTICLE{masonmimmack1992,
	author = {S.J. Mason and G.M. Mimmack},
	journal = "Theor. Appl. Climatol.",
	pages = {229-233},
	title = {The Use of Bootstrap Confidence Intervals for the Correlation Coefficient in Climatology},
	volume = {45},
	year = {1992}
}

@ARTICLE{morgensternetal2010,
	author = {O. Morgenstern and M.A. Giorgetta and K. Shibata and V. Eyring and D.W. Waugh and T.G. Shepherd and H. Akiyoshi and J. Austin and A.J.G. Baumgaertner and S. Bekki and P. Braesicke and C. Br{\"u}hl and M.P. Chipperfield and D, Cugnet and M. Dameris and S. Dhomse and S.M. Frith and H. Garny and A. Gettelman and S.C. Hardiman and M.I. Hegglin and P. J{\"o}ckel and D.E. Kinnison and J.-F. Lamarque and E. Mancini and E. Olivi{\'e} and G. Pitari and D.A. Plummer and E. Rozanov and J.F. Scinocca and D. Smale and H. Teyss{\`e}dre and M. Toohey and Y. Yamashita},
	journal = jgr,
	title = {Review of the formulation of present-generation stratospheric chemistry climate models and associated external forcings},
        pages = {D00M02},
        volume = {115},
        doi = {10.1029/2009JD013738},
	year = {2010}
}

@ARTICLE{mudelsee2003,
	author = {Manfred Mudelsee},
	journal = mg,
	pages = {651-665},
	title = {Estimating Pearson's Correlation Coefficient With Bootstrap Confidence Interval from Serially Dependent Time Series},
	volume = {35},
	year = {2003},
}

@ARTICLE{nastulaetal2007,
	author = {J. Nastula and R.M. Ponte and D. Salstein},
	journal = grl,
	pages = {L11306},
	title = {Comparison of polar motion excitation series derived from {GRACE} and from analyses of geophysical fluids},
	volume = {34},
	year = {2007},
        doi = {10.1029/2006GL028983},
}

@ARTICLE{nastulaetal2009,
	author = {J. Nastula and D. Salstein and B. Kolaczek },
	journal = jgr,
	pages = {B04407},
	title = {Patterns of atmospheric excitation functions of polar motion from high-resolution regional sectors},
	volume = {114},
	year = {2009}
}

@ARTICLE{neefmatthes2012,
        author = {Lisa J. Neef and Katja Matthes},
        journal = jgr,
        title = {Comparison of earth rotation excitation in data-constrained and unconstrained atmosphere models},
        pages = {D02107},
        volume = {117},
        year = {2012},
        doi = {10.1029/2011JD016555},
}

@ARTICLE{neefmatthes2013sub,
        author = {Lisa J. Neef and Katja Matthes},
        journal = jgr,
        title = {Sudden Stratospheric Warmings excited {Earth} rotation variations},
	note = {Submitted.}
}

@article{nealeetal2010,
	author = {Neale, Richard B and Chen, Chih-chieh and Lauritzen, Peter
H and Williamson, David L and Conley, Andrew J and Smith, Anne K and Mills,
Mike and Morrison, Hugh},
	journal = {National Center for Atmospheric Research Tech. Rep.},
	number = {NCAR/TN-486+STR.},
	pages = {268},
	title = {{Description of the NCAR Community Atmosphere Model (CAM
5.0)}},
	year = {2010}
}


@ARTICLE{nissenetal2007,
	author = {K.M. Nissen and K. Matthes and U. Langematz and B. Mayer},
	journal = acp,
	pages = {5391-5400},
	title = {Towards a better representation of the solar cycle in general circulation models},
	volume = {7},
	year = {2007}
}

@ARTICLE{oort1989,
	author = {Abraham H. Oort},
	journal = bams,
	pages = {1231-1242},
	title = {Angular Momentum Cycle in the Atmosphere-Ocean-Solid Earth System},
	volume = {70},
	number = {10},
	year = {1989}
}

@ARTICLE{paekhuang2012,
	author = {Houk Paek and Huei-Ping Huang},
	journal = jclim,
	note = {in press.},
	title = {A comparison of decadal-to-interdecadal variability and trend in reanalysis datasets using atmospheric angular momentum},
	year = {2012}
}

@INPROCEEDINGS{petricketal2012,
	author = {Christof Petrick and Lisa Neef and Katja Matthes},
        title = {The angular momentum budget of {ENSO} in the {Community Earth System Model}},
	booktitle = {European Geosciences Union General Assembly 2012},
        year = {2012},
	address = {Vienna, Austria},
	month = {April}
}

@ARTICLE{pincusetal2010,
        author = {Robert Pincus and Robert J. Patrick Hofmann and Jeffrey L. Anderson and Kevin Raeder and Nancy Collins and Jeffrey S. Whitaker},
        journal = mwr,
        pages = {"in press"},
        title = {Can fully accounting for clouds in data assimilation improve short-term forecasts by global models?},
        volume = {},
        number = {},
        year = {2010}
}

@ARTICLE{ponteetal1998,
        author = {Rui M. Ponte and Detlef Stammer and J. Marshall},
        journal = {Nature},
        pages = {476-479}, 
        title = {Oceanic signals in observed motions of the {Earth}'pole of rotation},
        volume = {391},
        year = {1998}
}

@ARTICLE{pontestammer2000,
        author = {Rui M. Ponte and Detlef Stammer},
        journal = jgr,
        pages = {17161-17171}, 
        title = {Global and regional axial ocean angular momentum signals and length-of-day variations (1985-1996)},
        volume = {105},
        number = {C7},
        year = {2000}
}

% Alert: didn't actually read this but it is cited by matlab from the Goertzel's algorithm used to do the FFT in pwelch
@BOOK{proakismenolakis1996,
	author = {J.G. Proakis and D.G. Manolakis},
	title = {Digital Signal Processing: Principles, Algorithms, and Applications},
	publisher = {Prentice Hall},
	pages = {480-481},
	address  = {Upper Saddle River, NJ, USA},
	year = {1996}
}

@ARTICLE{pungegiorgetta2008,
	author = {H.J. Punge and M.A. Giorgetta},
	journal = acp,
	pages = {6505-6525},
	title = {Net effect of the {QBO} in a chemistry climate model},
	volume = {8},
	year = {2008}
}

@ARTICLE{pulidothuburn2008,
	author = {Manuel Pulido and John Thuburn},
	journal = jclim,
	pages = {4664-4679},
	title = {The seasonal cycle of gravity wave drag in the Middle Atmosphere},
	volume = {21},
	year = {2008}
}

@ARTICLE{raederetal2012,
        author = {Kevin Raeder and Jeffrey L. Anderson and Nancy Collins and Timothy J. Hoar and Jennifer E. Kay and Peter H. Lauritzen and Robert Pincus},
        journal = jclim,
        note = {in press.},
        title = {{DART/CAM}: An Ensemble Data Assimilation System for {CESM} Atmospheric Models},
        doi = {10.1175/JCLI-D-11-00395.1},
        year = {2012}
}

@ARTICLE{renetal2011,
        author = {Shuzhan Ren and Saroja Polavarapu and Stephen R. Beagley and Yulia Nezlin},
        journal = jgr,
        pages = {D19116},
        title = {The impact of gravity wave drag on mesospheric analyses of the 2006 stratospheric major warming},
        volume = {116},
        doi = {10.1029/2011JD015943},
        year = {2011}
}

@ARTICLE{Rosen1983,
        author = {Richard D. Rosen and David A. Salstein},
        journal = jgr,
        pages = {5451-5470},
        title = {Variations in atmospheric angular momentum on global and regional scales and the length of day},
        volume = {88},
        year = {1983}
}

@ARTICLE{rosensalstein1985,
        author = {Richard D. Rosen and David A. Salstein},
        journal = jgr,
        pages = {8033-8041},
        title = {Contribution of stratospheric winds to annual and semiannual fluctuations in atmospheric angular momentum and the length of day},
        volume = {90},
        year = {1985}
}

@ARTICLE{rosenetal1984,
        author = {Richard D. Rosen and David A. Salstein and T. Marshall Eubanks and Jean O. Dickey and J. Alan Steppe},
        journal = "Science",
        pages = {411-414},
        title = {An {El} {Ni{\~n}o} Signal in Atmospheric Angular Momentum and Earth Rotation},
        volume = {225},
        year = {1984}
}

@ARTICLE{Rosen1990,
	author = {Rosen, Richard D and Salstein, David A and Wood, Tamara M},
	journal = jgr,
	number = {89},
	pages = {265--279},
	title = {{Discrepancies in the Earth-Atmosphere Angular Momentum Budget}},
	volume = {95},
	year = {1990}
}

@ARTICLE{rosenetal1991,
        author = {Richard D. Rosen and David A. Salstein and Tamara M. Wood},
        journal = jgr,
        pages = {5145-5151 },
        title = { Zonal Contributions to Global Momentum Variations on Intraseasonal through Interannual Timescales },
        volume = {96},
        year = {1991}
}

@ARTICLE{rosensalstein2000,
        author = {Richard D. Rosen and David A. Salstein},
        journal = "Clim. Dyn.",
        pages = {693-700},
        title = {Multidecadal signals in the interannual variability of atmospheric angular momentum},
        volume = {16},
        year = {2000}
}

@ARTICLE{salsteinrosen1989,
	author = {David A. Salstein and Richard D. Rosen},
	journal = jgr,
	pages = {9971-9978},
	title = {Regional Contributions to the Atmospheric Excitations of Rapid Polar Motions},
	volume = {94},
	year = {1989}
}

@ARTICLE{salsteinrosen1986,
	author = {David A. Salstein and Richard D. Rosen},
	journal = jcam,
	pages = {1870-1877},
	title = {Earth Rotation as a Proxy for Interannual Variability in Atmospheric Circulation, 1860-Present},
	volume = {25},
	year = {1986}
}

@ARTICLE{salsteinetal1993,
	author = {David A. Salstein and Deirdre M. Kann and Alving J. Miller and Richard D. Rosen},
	journal = bams,
	pages = {67-80},
	title = {"The Sub-bureau for Atmospheric Angular Momentum of the International Earth Rotation Service: A Meteorological Data Center with Geodetic Applications"},
	volume = {74},
	number = {1},
	year = {1993}
}

@ARTICLE{Saynisch2011,
	author = {J. Saynisch and M. Wenzel and J. Schr{\"o}ter},
	journal = npg,
	pages = {581-585},
	title = {Assimilation of Earth rotation parameters into a global ocean model: excitation of polar motion},
	volume = {18},
	year = {2011}
}

@ARTICLE{Saynisch2010,
	author = {Jan Saynisch and Manfred Wenzel and Jens Schr{\"o}ter},
	journal = jgeod,
	pages = {67-73},
	title = {Assimilation of Earth rotation parameters into a global ocean model: length of day excitation},
	volume = {85},
	year = {2010}
}

@article{Saynisch2012,
        author = {Saynisch, Jan and Thomas, Maik},
        doi = {10.1016/j.jog.2011.10.003},
        journal = {Journal of Geodynamics},
        month = dec,
        pages = {24--29},
        publisher = {Elsevier Ltd},
        title = {{Ensemble Kalman-Filtering of Earth rotation observations with
a global ocean model}},
        url = {http://linkinghub.elsevier.com/retrieve/pii/S0264370711001153},
        volume = {62},
        year = {2012}
}

@ARTICLE{simpsonetal2011,
	author = {Isla R. Simpson and Theodore G. Shepherd and Michael Sigmond},
	journal = jas,
        note = {in press.},
	title = {Dynamics of the lower stratospheric circulation response to {ENSO}},
	year = {2011}
}

@ARTICLE{snyderetal2008,
	author = {Chris Snyder and Thomas Bengtsson and Peter Bickel and Jeff Anderson},
	journal = mwr,
	pages = {4629-4640},
	title = {Obstacles to high dimensional particle filtering},
	volume = {136},
	year = {2008}
}

@ARTICLE{stainforthetal2005,
	author = {A. Stainforth and T. Alina and C. Christensen and M. Collins and N. Faull and D.J. Frame and J.A. Kettleborough and S. Knight and A. Martin and J.M. Murphy and C. Piani and D. Sexton and L.A. Smith and R.A. Spicer and A.J. Thorpe and M.R. Allen},
	journal = "Nature",
	pages = {403-406},
	title = {Uncertainty in predictions of the climate response to rising levels in greenhouse gases},
	volume = {433},
	year = {2005}
}

@ARTICLE{sanderetal2005,
        author = {R. Sander and A. Kerkweg and P. J{\"o}ckel and J. Lelieveld},
        journal = acp,
        pages = {445-450},
        title = {Technical note: {T}he new comprehensive atmospheric chemistry module {MECCA}},
        volume = {5},
        year = {2005}
}

@ARTICLE{scaifeetal2011,
        author = {Adam A. Scaife and Dan Copsey and Chris Gordon and Chris Harris and Tim Hinton and Sarah Keeley and Alan {O'Neill} and Malcolm Roberts and Keith Williams},
        journal = grl,
        pages = {L23703},
        title = {Improved {A}tlantic winter blocking in a climate model},
        volume = {38},
        year = {2011}
}

@ARTICLE{subramanianetal2011,
        author = {Aneesh C. Subramanian and Markus Jochum and Arthur J. Miller and Raghu Murtugudde and Richard B. Neale and Duane E. Waliser},
        journal = jclim,
        title = {The {M}adden {J}ulian Oscillation in {CCSM4}},
        note = {"in press."},
        year = {2011}
}

@ARTICLE{tanajurabelyaev2009,
        author = {Celemente A.S. Tanajura and Konstantin Belyaev},
        journal = amm,
        pages = {2165-2174},
        title = {A sequential data assimilation method based on the properties of a diffusion-type process},
        volume = {33},
        year = {2009}
}

@ARTICLE{thomasetal2001,
        author = {Maik Thomas and J{\"u}rgen S{\"u}ndermann and Ernst Maier-Reimer},
        journal = grl,
        pages = {2457-2460},
        title = {Consideration of ocean tides in an {OGCM} and impacts on subseasonal to decadal polar motion excitation},
        year = {2001}
}

@PHDTHESIS{thomas2002,
        author = {Maik Thomas},
        title = {Ocean induced variations of {E}arth's rotation -- {R}esults from a simultaneous model of global circulation and tides},
        school = {University of Hamburg},
        note = {129 pp},
        year = {2002}
}

@ARTICLE{thomasetal2009,
        author = {S.J. Thomas and J.P. Hacker and J.L. Anderson},
        journal = qjrms,
        pages = {507-521},
        title = {A robust formulation of the ensemble {K}alman filter},
        year = {2009}
}

@ARTICLE{tianetal2010,
        author = {Baijun Tian and Duane E. Waliser and Eric J. Fetzer},
        journal = mwr,
        pages = {in press},
        title = {Vertical moist thermodynamic structure of the {M}adden-{J}ulian oscillation in atmospheric infrared sounder retrievals: {A}n update and a comparison to {ECMWF} reanalysis},
        year = {2010}
}

@ARTICLE{trevisanetal2010,
        author = {Anna Trevisan and Massimo D'Isidoro and Olivier Talagrand},
        journal = qjrms,
        pages = {487-496},
        title = {Four-dimensional and variational assimilation in the unstable subspace and the optimal subspace dimension},
        volume = {136},
        year = {2010}
}

@ARTICLE{trenberthetal2008,
        author = {Kevin E. Trenberth and John T. Fasullo and Jeffrey Kiehl},
        journal = bams,
        pages = {311-324},
        title = {Earth's Global Energy Budget},
        volume = {90},
        year = {2008}
}

@ARTICLE{uppalaetal2005,
  	author = "S M Uppala and P Kallberg and A Simmons and U Andrae and V Bechtold and M Fiorino and J Gibson and J Haseler and A Hernandez and G Kelly and X Li and K Onogi and S Saarinen and N Sokka and R Allan and E Andersson and K Arpe and M Balmaseda and ACM Beljaars and L Van De Berg",
  	title =	{The {ERA}-40 re-analysis},
  	journal =	qjrms,
  	year =	{2005},
  	volume =	{131},
  	number =	{612},
  	pages =	{2961-3012},
  	doi = {10.1256/qj.04.176},
}

@ARTICLE{uppalaetal2008,
        author = {S. Uppala and D. Dee and S. Kobayashi and P. Berrisford and A. Simmons},
        pages = {12-18},
        title = {Towards a climate data assimilation system: status update of {ERA} {I}nterim},
        volume = {2008},
        journal = {ECMWF Newsletter},
        year = {2008}
}

@ARTICLE{wardinski2006,
  author = {Wardinski,I. and Holme,R.},
  title = {A time-dependent model of the Earth's magnetic field and its secular variation for the period 1980 -- 2000},
  journal = {J. Geophys. Res.},
  year = {2006},
  OPTkey = {PDF},
  volume = {111},
  OPTnumber = {B12101},
  pages = {doi:10.1029/2006JB004401},
}


@ARTICLE{weickmannetal1992,
	author = {K.M. Weickmann and S.J.S. Khalsa and J. Escheid},
	journal = {mwr},
	pages = {2252-2263},
	title = {The Atmospheric Angular-Momentum Cycle during the Tropical Madden-Julian Oscillation},
	volume = {120},
	year = {1992}
}

@ARTICLE{welch1967,
	author = {P. Welch},
	journal = "IEEE Trans. Aud. Elec.",
	pages = {70-73},
	title = {The use of fast {F}ourier transform for the estimation of power spectra:{A} method based on time averaging over the modified periodograms},
	volume = {15},
        number = {2},
	year = {1967}
}

@BOOK{wilks1995,
	author = {Daniel S. Wilks},
	title = {Statistical methods in the atmospheric sciences: An Introduction},
	publisher = {Academic Press, Inc.},
	pages = {467},
	address  = {San Diego, California},
	year = {1995}
}

@ARTICLE{winkelnkemperetal2008,
	author = {T. Winkelnkemper and F. Seitz and S.-K. Min and A. Hense},
	journal = {Observing our Changing Earth, IAG Symposia},
	pages = {447-454},
	title = {Simulation of historic and future atmospheric angular momentum effects on length-of-day variations with {GCMs}},
	volume = {133},
	isbn = {978-3-540-85425-8},
	issn = {0939-9585},
	doi = {10.1007/978-3-540-85426-5-54},
	year = {2008}
}

@ARTICLE{wunschstammer1997,
	author = {Carl Wunsch and Detlef Stammer},
	journal = rg,
	pages = {79-107},
	title = {Atmospheric loading and the oceanic ``inverted barometer'' effect},
	volume = {35},
        number = {1},
	year = {1997}
}

@ARTICLE{yuetal1999,
	author = {N. Yu and D. Zheng and H. Wu},
	journal = jd,
	pages = {385-390},
	title = {Contribution of new {AAM} data source to {$\Delta$}{LOD} excitation},
	volume = {73},
	year = {1999}
}

@ARTICLE{zhaoqu1995,
       author = {Jinping Zhao and Weizheng Qu},
       journal = jgr,
       pages = {12719-12730},
       title = {Study of the dynamical mechanism of seasonal variation of {E}arth's rotational velocity},
       volume = {100},
       year = {1995}
}

@ARTICLE{zhouetal2008,
	author = {Y.H. Zhou and J.L. Chen and D.A. Salstein},
	journal = gji,
	pages = {453-463},
	title = {Tropospheric and stratospheric wind contributions to Earth's variable rotation from {NCEP/NCAR} reanalyses (2000-2005)},
	volume = {174},
	doi = {10.1111/j.1365-246X.2008.03843},
	year = {2008}
}
