% bibliography file for my work for NATHAN.
%
% Journals names (abbreviated)
%
@string{asr = "Adv. Space Res."}
@string{ams = "American Met. Soc."}
@string{acpd = "Atmos. Chem. Phys. Discuss."}
@string{acp = "Atmos. Chem. Phys."}
@string{ae = "Atmos. Env."}
@string{amm = "App.  Math. Mod."}
@string{bams = "Bull. Am. Met. Soc."}
@string{eos = "Eos, Trans."}
@string{grl = "Geophys. Res. Lett."}
@string{gji = "Geophys. J. Int."}
@string{jam = "J. Applied Met."}
@string{jaot = "J. Atmos. Oceanic Technol."}
@string{jas = "J. Atmos. Sci."}
@string{jasa = "J. Acoust. Soc. Am."}
@string{jcam = "J. Clim. App. Met."}
@string{jclim = "J. Clim."}
@string{jd = "J. Geod."}
@string{jfm = "J. Fluid Mech."}
@string{jgr = "J. Geophys. Res."}
@string{jg = "J. Geodyn."}
@string{jgeod = "J. Geodesy."}
@string{jmsj = "J. Met. Soc. Japan"}
@string{jpamg = "J. Phys. A. Math. Gen."}
@string{jpo = "J. Phys. Ocean."}
@string{mwr = "Mon. Wea. Rev."}
@string{mtsj = "Mar. Tech. Soc. J."}
@string{nat = "Nature"}
@string{om = "Ocean Mod."}
@string{philtran = "Phil. Trans. Roy. Soc. London"}
@string{pf = "Phys. Fluids"}
@string{pfa = "Phys. Fluids A"}
@string{pmg = "Papers Met. Geophys."}
@string{prl = "Phys. Rev. Lett."}
@string{pre = "Phys. Rev. E"}
@string{prsl = "Proc. Roy. Soc. London"}
@string{quart = "Quart. J. Roy. Meteorol. Soc."}
@string{rsta = "Phil. Trans R. Soc."}
@string{rg = "Rev. Geophys."}
@string{sg = "Sur. Geophys."}
@string{sparcnl = "SPARC Newsletter"}


@INCOLLECTION{andrewsetal1987,
        author = {David G. Andrews and James R. Holton and Convay B. Leovy},
        editor= {Academic Press, Inc.},
        title = {Chapter 6 - Stratospheric Sudden Warmings},
        booktitle = {Middle Atmopshere Dynamics},
        pages = {259-294},
        publisher = {Harcourt Brace Jovanovich, Publishers},
        year = {1987}
}

@ARTICLE{ayarzaguenaetal2011,
        author = {Blanca Ayarzag{\"u}ena and Ulrike Langematz and Encarna Serrano},
        title = {Tropospheric forcing of the stratosphere: {A} comparative study of the two different Major Stratospheric Warmings in 2009 and 2010},
	journal = jgr,
	pages = {D18114},
	doi = {10.1029/2010JD015023},
	volume = {116},
        year = {2011}
}

@ARTICLE{baldwindunkerton2001,
        author = {Mark P. Baldwin and Timothy J. Dunkerton},
        journal = "Science",
        pages = {581-584},
        title = {Stratospheric Harbingers of Anomalous Weather Regimes},
        volume = {294},
        year = {2001}
}

@ARTICLE{bancalaetal2012,
        author = {S. Bancal{\'a} and K. Kr{\"u}ger and M. Giorgetta},
        journal = jgr,
        title = {The preconditioning of major sudden stratospheric warmings},
        pages = {D04101},
        volume = {117},
        doi = {doi:10.1029/2011JD016769},
        year = {2012}
}


@ARTICLE{blumeetal2012,
        author = {Christian Blume and Katja Matthes and Illia Horenko},
        journal = jas,
        title = {Supervised Learning Approaches to Classify Sudden Stratospheric Warming Events},
        note = {in press.},
	doi = {10.1175/JAS-D-11-0194.1},
        year = {2012}
}

@article{Blume2012,
	author = {Blume, Christian and Matthes, Katja},
	doi = {10.5194/acp-12-5691-2012},
	journal = {Atmospheric Chemistry and Physics},
	pages = {5691--5701},
	title = {{Understanding and forecasting polar stratospheric variability with
		statistical models}},
	volume = {12},
	year = {2012}
}

@ARTICLE{butlerpolvani2011,
        author = {Amy H. Butler and Lorenzo M. Polvani},
        journal = grl,
        title = {{El Ni{\~n}o}, {La Ni{\~n}a}, and stratospheric sudden warmings: {A} reevaluation in light of the observational record},
        pages = {L13807},
        volume = {38},
        doi = {10.1029/2011GL048048},
        year = {2011}
}

@ARTICLE{calvomarsh2011,
        author = {Natalia Calvo and Daniel R. Marsh},
        journal = jgr,
        title = {The combined effects of {ENSO} and the 11 year solar cycle on the {N}orthern {H}emisphere polar stratosphere},
        pages = {D231112},
        volume = {116},
        doi = {10.1029/2010JD015226},
        year = {2011}
}

@article{cassou2008,
	author = {Cassou, Christophe},
	doi = {10.1038/nature07286},
	issn = {1476-4687},
	journal = {Nature},
	month = sep,
	number = {7212},
	pages = {523--7},
	title = {{Intraseasonal interaction between the Madden-Julian Oscillation and the North Atlantic Oscillation.}},
	volume = {455},
	year = {2008}
}

@ARTICLE{Charlton2007,
        author = {Andrew J. Charlton and Lorenzo M. Polvani},
        journal = jclim,
        title = {A New Look at Stratospheric Sudden Warmings.  {Part I}: {Climatology} and Modeling Benchmarks},
        pages = {449-469},
        volume = {20},
        year = {2007}
}

@ARTICLE{cohenjones2011,
        author = {Judah Cohen and Justin Jones},
        journal = jclim,
        title = {Tropospheric precursors and stratospheric warmings},
        volume = 24,
        pages = {6562-6572},
        doi = {10.1175/2011JCLI4160.1},
        year = {2011}
}

@ARTICLE{coughlintung2005,
        author = {K. Coughlin and K.K. Tung},
        journal = jgr,
        pages = {D01103},
        title = {Tropospheric wave response to decelerated stratosphere seen as downward propagation in northern annular mode},
        volume = {110},
        year = {2005}
}

@ARTICLE{delatorreetal2012,
        author = {Laura de la Torre and Rolando R. Garcia and David Barriopedro and Amal Chandran},
        journal = jgr,
        pages = {D04110},
        title = {Climatology and characteristics of stratospheric sudden warmings in the {W}hole {A}tmosphere {C}ommunity {C}limate {M}odel},
        volume = {117},
        year = {2012}
}

@ARTICLE{devirondehant1999,
        author = {Olivier de Viron and Veronique Dehant},
        journal = sg,
        pages = {441-462},
        title = {Earth's rotation and high frequency equatorial angular momentum budget of the atmosphere},
        volume = {20},
        year = {1999}
}

@ARTICLE{devironetal1999,
        author = {Olivier de Viron and C. Bizouard and D. Salstein and V. Dehant},
        journal = jgr,
        pages = {4861-4875},
        title = {Atmospheric torque on the Earth and comparison with atmospheric angular momentum variations},
        volume = {104},
        year = {1999}
}

@ARTICLE{dickeyetal1994,
        author = {J.O. Dickey and S. L. Marcus and R. Hide},
        journal = jgr,
        pages = {23921-23937},
        title = {Angular momentum exchange among the solid Earth, atmosphere, and oceans: A case study of the 1982-1983 El Nino event},
        volume = {99},
        year = {1994}
}

@BOOK{etling,
	author = {Dieter Etling},
	title = {Theoretische Meteorologie - Eine Einf{\"u}hrung},
	publisher = {Springer-Verlag},
        address = {Berlin and Heidelberg, Germany},
	year = {2008}
}

@article{Garfinkel2008,
	author = {Garfinkel, C. I. and Hartmann, D. L.},
	doi = {10.1029/2008JD009920},
	file = {:home/lneef/Dropbox/NATHAN/Reprints/garfinkelhartmann2008.pdf:pdf},
	issn = {0148-0227},
	journal = {Journal of Geophysical Research},
	mendeley-groups = {SSW,ENSO},
	month = sep,
	number = {D18},
	pages = {D18114},
	title = {{Different ENSO teleconnections and their effects on the stratospheric
		polar vortex}},
	url = {http://doi.wiley.com/10.1029/2008JD009920},
	volume = {113},
	year = {2008}
}

@article{Garfinkel2010,
	author = {Garfinkel, Chaim I. and Hartmann, Dennis L. and Sassi, Fabrizio},
	doi = {10.1175/2010JCLI3010.1},
	issn = {0894-8755},
	journal = {Journal of Climate},
	month = jun,
	number = {12},
	pages = {3282--3299},
	title = {{Tropospheric Precursors of Anomalous Northern Hemisphere Stratospheric Polar Vortices}},
	volume = {23},
	year = {2010}
}

@article{Garfinkel2011,
	author = {Garfinkel, Chaim I. and Hartmann, Dennis L.},
	doi = {10.1175/2011JAS3665.1},
	file = {:home/lneef/Dropbox/NATHAN/Reprints/garfinkelhartmann2011.pdf:pdf},
	issn = {0022-4928},
	journal = {Journal of the Atmospheric Sciences},
	mendeley-groups = {QBO},
	month = jun,
	number = {6},
	pages = {1273--1289},
	title = {{The Influence of the Quasi-Biennial Oscillation on the Troposphere in
		Winter in a Hierarchy of Models. Part I: Simplified Dry GCMs}},
	url = {http://journals.ametsoc.org/doi/abs/10.1175/2011JAS3665.1},
	volume = {68},
	year = {2011}
}


@article{garfinkeletal2012,
	author = {Garfinkel, Chaim I. and Feldstein, Steven B. and Waugh, Darryn W. and Yoo, Changhyun and Lee, Sukyoung},
	doi = {10.1029/2012GL053144},
	journal = {Geophysical Research Letters},
	month = sep,
	number = {18},
	pages = {1-5},
	title = {{Observed connection between stratospheric sudden warmings and the Madden-Julian Oscillation}},
	volume = {39},
	year = {2012}
} 

@article{Haigh2005,
	author = {Haigh, Joanna D. and Blackburn, Michael and Day, Rebecca},
	journal = jc,
	pages = {3672--3685},
	title = {{The Response of Tropospheric Circulation to Perturbations in
		Lower-Stratospheric Temperature}},
	volume = {18},
	year = {2005}
}

@article{Hansen2013,
	author = {Hansen, F. and Matthes, K. and Gray, L. J.},
	doi = {10.1002/jgrd.50812},
	issn = {2169897X},
	journal = {Journal of Geophysical Research: Atmospheres},
	month = sep,
	title = {{Sensitivity of stratospheric dynamics and chemistry to QBO nudging width in the chemistry-climate model WACCM}},
	volume = 118,
	issue = 18,
	pages = {10464-10474},
	year = {2013}
}


@ARTICLE{haradaetal2010,
        author = {Yayoi Harada and Atushi Goto and Hiroshi Hasegawa and Norihisa Fujikawa},
        journal = jas,
        pages = {2052-2069},
        title = {A Major Stratospheric Sudden Warming Event in January 2009},
        volume = {67},
        year = {2009}
}

@ARTICLE{hardimanetal2011,
        author = {Steven C. Hardiman and Neal Butchart and Andrew J. Charlton-Perez and Tiffany A. Shaw and Hideharu Akiyoshi and Andreas Baumgartner and Slimane Bekki and Peter Braesicke and Martyn Chipperfield and Martin Dameris and Rolando R. Garcia and Martine Michou and Steven Pawson and Eugene Rozanov and Kiyota Shibata},
        journal = jgr,
        note = "in press",
        title = {Improved predictability of the troposphere using stratospheric final warmings},
        year = {2011}
}

@ARTICLE{hardimanetal2012,
        author = {Steven C. Hardiman and Neal Butchart and T.J. Hinton and S.M. Osprey and L.J. Gray},
        journal = jclim,
        note = "in press",
        title = {The effect of a well resolved stratosphere on surface climate: {Differences} between {CMIP5} simulations with high top and low top versions of the {Met Office} climate model},
        doi = {10.1175/JCLI-D-11-00579.1},
        year = {2012}
}

@ARTICLE{hirookaetal2007,
        author = {Toshihiko Hirooka and Tomoko Ichimaru and Hitoshi Mukougawa},
        journal = jmsj,
        pages = {919-925},
        title = {Predictability of Stratospheric Sudden Warmings as Inferred from Ensemble Forecast Data: Intercomparison of 2001/02 and 2003/04 Winters},
        volume = {85},
        year = {2007}
}


@article{hitchcockshepherd2013,
	author = {Hitchcock, Peter and Shepherd, Theodore G},
	journal = {Journal of the Atmospheric Sciences},
	month = sep,
	pages = {688--707},
	title = {{Zonal mean dynamics of Extended Recoveries from Stratospheric Sudden Warmings}},
	volume = {70},
	year = {2013}
}


@ARTICLE{hitchcocketal2013,
        author = {Peter Hitchcock and Theodore G. Shepherd and Gloria Manney},
        journal = jclim,
	month = mar,
	number = {6},
	pages = {2096--2116},
	title = {{Statistical Characterization of Arctic Polar-Night Jet Oscillation Events}},
	volume = {26},
	year = {2013}
}

@BOOK{holton,
	author = {James R. Holton},
	title = {An Introduction to Dynamic Meteorology},
	publisher = {Elsevier Academic Press},
	year = {2004}
}

@ARTICLE{holtontan1980,
        author = {James R. Holton and Hsiu-Chi Tan},
        journal = jas,
        pages = {2200-2208},
        title = {The Influnece of the Equatorial Quasi-Biennial Oscillation on the Global Circulation at 50mb},
        volume = {37},
        year = {1980}
}

@ARTICLE{holtonaustin1990,
        author = {James R. Holton and John Austin},
        journal = jas,
        pages = {607-818},
        title = {The Influnece of the Equatorial QBO on Sudden Stratospheric Warmings},
        volume = {1?},
        year = {1991}
}

@ARTICLE{jinetal2010,
        author = {Shuanggen Jin and L.J. Zhang and B.D. Tapley},
        journal = gji,
        pages = {651-660},
        title = {The understanding of length-of-day variations from satellite gravity and laser ranging measurements},
        volume = {184},
        year = {2010}
}

@ARTICLE{koderaetal2000,
	author = {Kodera, Kunihiko and Kuroda, Yuhji and Pawson, Steven},
	doi = {10.1029/2000JD900095},
	issn = {0148-0227},
	journal = {Journal of Geophysical Research},
	number = {D10},
	pages = {12361--12370},
	title = {A mechanistic model study of slowly propagating coupled stratosphere-troposphere variability},
	volume = {105},
	year = {2000}
}

@ARTICLE{koderaetal1990,
        author = {Kunihiko Koderaand Koji Yamazaki and Masaru Chiba and Kiyotaka Shibata},
        journal = grl,
        pages = {1263-1266},
        title = {Downward Propagation Of Upper stratospheric Mean Zonal Wind Perturbation To Tho Troposphere},
        volume = {17},
        year = {1990}
}

@ARTICLE{koderaetal2004,
        author = {Kunihiko Kodera and Kazutaka Yamada},
        journal = pmg,
        pages = {115-120},
        title = {Impact of the major stratospheric warming on the Hadley circulation: A case study},
        volume = {54},
        year = {2004}
}

@ARTICLE{koderaetal1996,
        author = {Kunihiko Kodera and Masaru Chiba and Hiroshi Koide and Akio Kitoh and Yoshinobu Nikaidou},
        journal = jmsj,
        pages = {365-382},
        title = {Interannual Variability of the Winter Stratosphere and Troposphere in the Northern Hemisphere},
        volume = {74},
        year = {1996}
}

@ARTICLE{kodera2006,
        author = {Kunihiko Kodera},
        journal = grl,
        pages = {L06804},
        title = {Influence of stratospheric sudden warming on the equatorial troposphere},
        volume = {33},
        year = {2006}
}

@ARTICLE{koderakuroda2000,
        author = {Kunihiko Kodera and Yuhji Kuroda},
        journal = jgr,
        pages = {12351-12359},
        title = {Stratospheric sudden warming and slowly propagating zonal-mean zonal wind anomalies},
        volume = {105},
        year = {2000}
}

@ARTICLE{koderaetal2008,
        author = {Kunihiko Kodera and Hitoshi Mukougawa and Shingo Itoh},
        journal = grl,
        pages = {L16806},
        title = {Tropospheric impact of reflected planetary waves from the stratosphere},
        volume = {35},
        year = {2008}
}

@ARTICLE{koderaetal2011,
        author = {Kunihiko Kodera and Nawo Eguchi and Jae N. Lee and Yuhji Kuroda and Seiji Yukimoto},
        journal = jmsj,
        pages = {283-290},
        title = {Sudden Change in the Tropical Stratosphere and Troposphere during {January} 2009},
        volume = {89},
        doi = {10.2151/jmsj.2011-208},
        year = {2011}
}

@article{Kodera2013,
	author = {Kodera, Kunihiko and Mukougawa, Hitoshi and Fujii, Aki},
	doi = {10.1002/jgrd.50650},
	issn = {2169897X},
	journal = {Journal of Geophysical Research: Atmospheres},
	month = aug,
	number = {15},
	pages = {8333--8345},
	title = {{Influence of the vertical and zonal propagation of stratospheric
		planetary waves on tropospheric blockings}},
	volume = {118},
	year = {2013}
}


@ARTICLE{krugeretal2005,
        author = {Kirstin Krüger and Barbara Naujokat and Karin Labitzke},
        journal = jas,
        pages = {603-613},
        title = {The Unusual Midwinter Warming in the Southern Hemipshere Stratosphere 2002: A comparison to Northern Hemisphere Phenomena},
        volume = {62},
        year = {2005}
}

@ARTICLE{kurodakodera1999,
        author = {Yuhji Kuroda and Kunihiko Kodera},
        journal = grl,
        pages = {2375-2378},
        title = {Role of Planetary wAves in the stratosphere-troposphere Coupled Variability in the Northern Hemisphere Winter},
        volume = {26},
        year = {1999}
}

@ARTICLE{kurodakodera2001,
	author = {Kuroda, Yuhji and Kodera, Kunihiko},
	doi = {10.1029/2001JD900226},
	journal = {Journal of Geophysical Research},
	number = {D18},
	pages = {20703--20713},
	title = {Variability of the polar night jet in the Northern and Southern Hemispheres},
	volume = {106},
	year = {2001}
}


@ARTICLE{kuroda2008,
        author = {Yuhji Kuroda},
        journal = jgr,
        pages = {D15110},
        title = {Effect of stratospheric sudden warming and vortex intensification on the tropospheric climate},
        volume = {113},
        year = {2008}
}

@BOOK{labitzke1999,
        author = {Karin Labitzke},
        title = {Die Stratosph{\"a}re - Ph{\"a}nomene, Geschichte, Relevanz},
        publisher = {Springer Verlag},
        address = {Heidelberg, Germany},
        year = {1999}
}

@ARTICLE{labitzkekunze2009,
        author = {K.Labitzke and M. Kunze},
        journal = jgr,
        pages = {D00I02},
        title = {On the remarkable Arctic winter in 2008/2009},
        volume = {114},
        year = {2009}
}

@ARTICLE{labitzkenaujokat2000,
        author = {Karin Labitzke and B. Naujokat},
        journal = {{SPARC} Newsletter},
        pages = {11-14},
        title = {On the remarkable Arctic winter in 2008/2009},
        volume = {15},
        year = {2000}
}

@ARTICLE{labitzkenaujokat2009,
        author = {K.Labitzke and B.Naujokat},
        journal = jgr,
        pages = {D00I02},
        title = {On the remarkable Arctic winter in 2008/2009},
        volume = {114},
        year = {2009}
}

@ARTICLE{limpasuvanetal2004,
        author = {Varavut Limpasuvan and David W.J. Thompson and Dennis L. Hartmann},
        journal = jclim,
        pages = {2584-2596},
        title = {The Life Cycle of the Northern Hemisphere Sudden Stratospheric Warmings},
        volume = {17},
        year = {2004}
}

@ARTICLE{manneyetal2009,
        author = {Gloria L. Manney and Michael J. Schwartz and Kirstin Krüger and Michelle L. Santee and Steven Pawson and Jae N. Lee and William H. Daffer and Ryan A. Fuller and Nathaniel J. Livesey},
        journal = grl,
        pages = {L12815},
        title = {Aura Microwave Limb Sounder observations of dynamics ans transport during the record-breaking 2009 Arctic stratospheric major warming},
        volume = {36},
        year = {2009}
}

@ARTICLE{martiusetal2009,
        author = {O. Martius and L.M. Polvani and H.C. Davies},
        journal = grl,
        pages = {L14806},
        title = {Blocking precursors to stratospheric sudden warming events},
        volume = {36},
        doi = {10.1029/2009GL038776},
        year = {2009}
}

@ARTICLE{matthewmanetal2009,
        author = {N.J. Matthewman and J.G. Esler and A.J. Charlton-Perez and L.M. Polvani},
        journal = jclim,
        pages = {1566-1585},
        title = {A new look at stratospheric sudden warmings.  {Part III}: {Polar} Vortex evolution and vertical structure},
        volume = {22},
        year = {2009}
}

@ARTICLE{matsuno1971,
        author = {Taroh Matsuno},
        journal = jas,
        pages = {1479-1494},
        title = {A Dynamical Model of the Stratospheric Sudden Warming},
        volume = {28},
        year = {1971}
}

@ARTICLE{mclandressshepherd2009,
        author = {Charles McLandress and Theodore G. Shepherd},
        journal = jclim,
        pages = {5449-5463},
        title = {Impact of Climate Change on Stratospheric Sudden Warmings as Simulated by the {Canadian Middle Atmosphere Model}},
        volume = {22},
        year = {2009}
}

@ARTICLE{mitchelletal2012,
        author = {Daniel M. Mitchell and Scott M. Osprey and Lesley J. Gray and Neal Butchart and Steven C. Hardiman and Andrew J. Charlton-Perez and Peter Watson},
        journal = jas,
        note = {in press.},
        title = {The Effect of Climate Change on the Variability of the Northern Hemisphere Stratospheric Polar Vortex},
        doi = {10.1175/JAS-D-12-021.1},
        year = {2012}
}

@article{Mitchell2012,
        author = {Mitchell, Daniel M. and Gray, Lesley J. and Anstey, James and Baldwin, Mark P. and Charlton-Perez, Andrew J.},
        doi = {10.1175/JCLI-D-12-00030.1},
        issn = {0894-8755},
        journal = {Journal of Climate},
        month = oct,
        pages = {2668--2682},
        title = {The Influence of Stratospheric Vortex Displacements and Splits on Surface Climate},
        volume = {26},
        year = {2012}
} 


@ARTICLE{nakagawayamazaki2006,
        author = {Ken I. Nakagawa and Koji Yamazaki},
        journal = grl,
        pages = {L04801},
        title = {What kind of stratospheric sudden warming propagates to the troposphere?},
        volume = {33},
        year = {2006}
}

@ARTICLE{naoeshibata2012,
        author = {Hiroaki Naoe and Kiyotaka Shibata},
        journal = jgr,
        pages = {D0312},
        title = {Future changes in the influence of the quasi-biennial oscillation on the northern polar vortex simulated with an MRI chemistry climate model},
        volume = {117},
        year = {2012}
}

@ARTICLE{naujokatetal2002,
        author = {B. Naujokat and K.Krüger and K.Matthes and J.Hoffmann and M. Kunze and K.Labitzke},
        journal = sparcnl,
        pages = {11-14},
        title = {The lower arctic stratosphere in winter since 1952},
        volume = {15},
        year = {2000}
}

@ARTICLE{quiroz1986,
	author = {Quiroz, Roderick S},
	JOURNAL = jgr,
	number = {D4},
 	pages = {5277--5285},
	title = {{The Association of Stratospheric Warmings With Tropospheric Blocking}},
	volume = {91},
	year = {1986}
}


@ARTICLE{richteretal2011,
        author = {Jadwiga H. Richter and Katja Matthes and Natalia Calvo and Lesley J. Gray},
        journal = jgr,
        pages = {D20111},
        title = {Influence of the quasi-biennial oscillation and {El Ni\~no-Southern Oscillation} on the frequency of sudden stratospheric warmings },
        volume = {116},
        doi = {10.1029/2011JD015757},
        year = {2011}
}


@ARTICLE{sjobergbirner2011,
        author = {Jeremiah P. Sjoberg and Thomas Birner},
        journal = jas,
        title = {Transient tropospheric forcing of sudden stratospheric warmings},
        note = {submitted.},
        year = {2011}
}


@ARTICLE{thompsonetal2002,
        author = {David W.J. Thompson and Mark P. Baldwin and John M. Wallace},
        journal = jclim,
        pages = {14211428},
        title = {Stratospheric Connection to {Northern Hemisphere} Wintertime Weather: {Implications} for Prediction},
        volume = {15},
        year = {2002}
}

@ARTICLE{tibaldimolteni1990,
	author = {Tibaldi, Stefano and Molteni, Franco},
	journal = {Tellus A},
	pages = {343--365},
	title = {{On the operational predictability of blocking}},
	volume = {42A},
	year = {1990}
}

@article{vanloonlabitzke1987,
	author = {van Loon, H. and Labitzke, K.},
	journal = {Monthly Weather Review},
	pages = {357--369},
	title = {{The Southern Oscillation. Part V: The Anomalies in the Lower Stratosphere of the Northern Hemisphere in Winter and a Comparison with the Quasi-Biennial Oscillation}},
	volume = {115},
	year = {1987}
}

@ARTICLE{woollingsetal2010,
        author = {T. Woollings and A. Charlton-Perez and S. Ineson and A.G. Marshall and G. Masato},
        journal = jgr,
        pages = {D06108},
        title = {Associations between stratospheric variability and tropospheric blocking},
        volume = {115},
        year = {2010}
}

@ARTICLE{yoshidayamazaki2011,
        author = {K.Yoshida and K.Yamazaki},
        journal = acp,
        pages = {6325-6336},
        title = {Tropical cooling in the case of stratospheric sudden warming in January 2009: focus on the tropical tropopause layer},
        volume = {11},
        year = {2011}
}

@ARTICLE{yuanetal2012,
        author = {Tao Yuan and B. Thurairajah and C.-Y. She and A. Chandran and R.L. Collins and D.A. Krueger},
        journal = jgr,
        pages = {D09114},
        title = {Wind and temperature response of midlatitude mesopause region to the 2009 {Sudden Stratospheric Warming}},
        volume = {117},
        doi = {10.1029/2011JD017142},
        year = {2012}
}


